@online { helixProject,
author = "Simone Campanoni and Timothy Jones and Glenn Holloway and Gu-Yeon Wei and David Brooks",
title = "The HELIX Project: Overview and Directions",
howpublished = "\url{http://www.google.com/url?q=http%3A%2F%2Fhelix.eecs.harvard.edu%2Fimages%2Fc%2Fc4%2FDAC2012_Paper.pdf&sa=D&sntz=1&usg=AFQjCNHzvL-lxDrLACdq2JzhMNG7uAe1SA}",
note = "[Online; accessed 14/03/2014]",
year = {2012}
}

@INPROCEEDINGS{ 5470884, 
author={Das, D. and Peng Wu}, 
booktitle={Parallel Distributed Processing, Workshops and Phd Forum (IPDPSW), 2010 IEEE International Symposium on}, 
title={Experiences of using a dependence profiler to assist parallelization for multi-cores}, 
year={2010}, 
month={April}, 
pages={1-8}, 
keywords={multiprocessing programs;optimising compilers;parallel processing;DProf;OpenMP;data-dependence profiling;dependence profiler;multi-core systems parallelization;multi-cores parallelization;optimizing compiler;parallelizing compilers;thread-level parallelism;Compiler;Data Dependence;Multi-core;Parallelization;Profiler}, 
doi={10.1109/IPDPSW.2010.5470884}}

@ARTICLE{488299, 
author={Ball, T. and Eick, S.G.}, 
journal={Computer}, 
title={Software visualization in the large}, 
year={1996}, 
month={Apr}, 
volume={29}, 
number={4}, 
pages={33-43}, 
keywords={data visualisation;software engineering;visual programming;case studies;execution behavior;file summary representation;hierarchical representation;interaction techniques;large team-oriented projects;line representation;pixel representation;software history;software library;software visualization;static software characteristics;system complexity;visual code representations;Computer aided software engineering;Computer displays;Productivity;Programming profession;Runtime;Shape;Software engineering;Software systems;Software tools;Visualization}, 
doi={10.1109/2.488299}, 
ISSN={0018-9162}}

@BOOK {pitfalls2011,
author = {Georg Hager and Gerhard Wellein},
title = {Introduction to high performance computing for scientists and engineers},
chapter = {7},
publisher = {Boca Raton, Fla. : CRC Press 2011},
year = {2011},
isbm = {9781439811931}
}

@incollection{peterson1993,
year={1993},
isbn={978-3-540-57502-3},
booktitle={Languages and Compilers for Parallel Computing},
volume={757},
series={Lecture Notes in Computer Science},
editor={Banerjee, Utpal and Gelernter, David and Nicolau, Alex and Padua, David},
doi={10.1007/3-540-57502-2_40},
title={Dynamic dependence analysis: A novel method for data dependence evaluation},
url={http://dx.doi.org/10.1007/3-540-57502-2_40},
publisher={Springer Berlin Heidelberg},
author={Peterson, P. and Padua, D.},
pages={64-81}
}

@INPROCEEDINGS{1207020, 
author={Chen, M.K. and Olukotun, K.}, 
booktitle={Computer Architecture, 2003. Proceedings. 30th Annual International Symposium on}, 
title={The Jrpm system for dynamically parallelizing Java programs}, 
year={2003}, 
month={June}, 
pages={434-445}, 
keywords={Java;multiprocessing systems;optimising compilers;parallel architectures;parallel programming;performance evaluation;program control structures;virtual machines;CMP;Java runtime parallelizing machine system;Java virtual machine;Jrpm system;STL;TLS;buffer requirement;chip multiprocessor;dynamic compilation support;dynamically parallelizing Java program;floating point application;hardware profiler;integer application;inter-thread dependency;intra-procedural optimization;multimedia application;sequential program;shared memory system;speculative thread loop;thread-level speculation;Automatic control;Cost function;Dynamic compiler;Hardware;Java;Parallel processing;Programming profession;Runtime;Virtual machining;Yarn}, 
doi={10.1109/ISCA.2003.1207020}, 
ISSN={1063-6897}}

@TECHREPORT{Rus05hybriddependence,
    author = {Silvius Rus and Lawrence Rauchwerger},
    title = {Hybrid dependence analysis for automatic parallelization},
    institution = {},
    year = {2005}
}